<record><leader>00000cas a2200000 a 4500</leader><controlfield tag="001">14642957</controlfield><controlfield tag="008">861106d18481850wiudn ne      0    0eng c</controlfield><datafield ind1=" " ind2=" " tag="010"><subfield code="a">sn 86086590 </subfield></datafield><datafield ind1=" " ind2=" " tag="040"><subfield code="a">NPV</subfield><subfield code="b">eng</subfield><subfield code="c">NPV</subfield><subfield code="d">DLC</subfield><subfield code="d">CNW</subfield><subfield code="d">NVF</subfield><subfield code="d">OCL</subfield><subfield code="d">CUI</subfield><subfield code="d">OCLCQ</subfield><subfield code="d">OCLCF</subfield></datafield><datafield ind1="1" ind2=" " tag="029"><subfield code="a">AU@</subfield><subfield code="b">000025830274</subfield></datafield><datafield ind1=" " ind2=" " tag="042"><subfield code="a">pcc</subfield></datafield><datafield ind1=" " ind2=" " tag="043"><subfield code="a">n-us-wi</subfield></datafield><datafield ind1="0" ind2="0" tag="050"><subfield code="a">Newspaper</subfield></datafield><datafield ind1=" " ind2="4" tag="050"><subfield code="a">AN</subfield></datafield><datafield ind1="0" ind2=" " tag="130"><subfield code="a">Milwaukee sentinel and gazette (Milwaukee, Wis. : 1848)</subfield></datafield><datafield ind1="1" ind2="0" tag="245"><subfield code="a">Milwaukee sentinel and gazette.</subfield></datafield><datafield ind1="1" ind2="3" tag="246"><subfield code="a">Daily sentinel and gazette</subfield></datafield><datafield ind1="1" ind2="3" tag="246"><subfield code="a">Sentinel and gazette</subfield></datafield><datafield ind1=" " ind2=" " tag="260"><subfield code="a">Milwaukee, Wis. :</subfield><subfield code="b">King &amp; Fuller,</subfield><subfield code="c">1848-1850.</subfield></datafield><datafield ind1=" " ind2=" " tag="300"><subfield code="a">2 v. :</subfield><subfield code="b">ill. (chiefly advertisements)</subfield></datafield><datafield ind1=" " ind2=" " tag="310"><subfield code="a">Daily (except Sunday)</subfield></datafield><datafield ind1="0" ind2=" " tag="362"><subfield code="a">New ser., v. 4, no. 144 (Oct. 2, 1848)-new ser., v. 5, no. 329 (May 14, 1850).</subfield></datafield><datafield ind1=" " ind2=" " tag="500"><subfield code="a">Editors: R. King, Oct. 2, 1848-Jan. 21, 1850; R. King &amp; Wm. H. Watson, Jan. 22, 1850-May 14, 1850.</subfield></datafield><datafield ind1=" " ind2=" " tag="530"><subfield code="a">Also issued on microfilm from the State Historica Society of Wisconsin.</subfield></datafield><datafield ind1=" " ind2=" " tag="580"><subfield code="a">Weekly ed.: Milwaukee sentinel and gazette (Milwaukee, Wis. : 1846), 1848.</subfield></datafield><datafield ind1=" " ind2="0" tag="651"><subfield code="a">Milwaukee (Wis.)</subfield><subfield code="v">Newspapers.</subfield></datafield><datafield ind1=" " ind2="0" tag="651"><subfield code="a">Milwaukee County (Wis.)</subfield><subfield code="v">Newspapers.</subfield></datafield><datafield ind1=" " ind2="7" tag="655"><subfield code="a">Newspapers.</subfield><subfield code="2">fast</subfield><subfield code="0">(OCoLC)fst01423814</subfield></datafield><datafield ind1=" " ind2="7" tag="651"><subfield code="a">Wisconsin</subfield><subfield code="z">Milwaukee.</subfield><subfield code="2">fast</subfield><subfield code="0">(OCoLC)fst01206626</subfield></datafield><datafield ind1=" " ind2="7" tag="651"><subfield code="a">Wisconsin</subfield><subfield code="z">Milwaukee County.</subfield><subfield code="2">fast</subfield><subfield code="0">(OCoLC)fst01202910</subfield></datafield><datafield ind1=" " ind2=" " tag="752"><subfield code="a">United States</subfield><subfield code="b">Wisconsin</subfield><subfield code="c">Milwaukee</subfield><subfield code="d">Milwaukee.</subfield></datafield><datafield ind1=" " ind2=" " tag="752"><subfield code="a">United States</subfield><subfield code="b">Wisconsin</subfield><subfield code="c">Washington</subfield><subfield code="d">Milwaukee.</subfield></datafield><datafield ind1="1" ind2=" " tag="775"><subfield code="t">Milwaukee sentinel and gazette (Milwaukee, Wis. : 1846)</subfield><subfield code="w">(DLC)sn 86086607</subfield><subfield code="w">(OCoLC)14640189</subfield></datafield><datafield ind1="0" ind2="8" tag="776"><subfield code="i">Online version:</subfield><subfield code="t">Milwaukee sentinel and gazette (Milwaukee, Wis. : 1848 : Online)</subfield><subfield code="w">(OCoLC)654473132</subfield></datafield><datafield ind1="0" ind2="0" tag="780"><subfield code="t">Daily sentinel and gazette</subfield><subfield code="w">(DLC)sn 86086589</subfield><subfield code="w">(OCoLC)14642848</subfield></datafield><datafield ind1="0" ind2="0" tag="785"><subfield code="t">Milwaukee daily sentinel and gazette</subfield><subfield code="w">(DLC)sn 86086591</subfield><subfield code="w">(OCoLC)14643093</subfield></datafield></record>